@article{rc4000,
  author = {Hansen, Per Brinch},
  title = {The Nucleus of a Multiprogramming System},
  year = {1970},
  journal = {Commun. ACM},
  volume = {13},
  number = {4}
}

@article{mach,
  author = "R.F. Rashid and H. Tokuda",
  title = "Mach: A system software kernel",
  year = "1990",
  journal = "Computing Systems in Engineering",
  volume = "1",
  number = "2",
}

@inproceedings{l3,
  author = {Liedtke, Jochen},
  title = {Improving IPC by Kernel Design},
  year = {1993},
  booktitle = {Proceedings of the Fourteenth ACM Symposium on Operating Systems Principles},
}

@inproceedings{l4,
  author = {H\"{a}rtig, Hermann et al.},
  title = {The Performance of $\mu$-Kernel-Based Systems},
  year = {1997},
  booktitle = {Proceedings of the Sixteenth ACM Symposium on Operating Systems Principles}
}

@inproceedings{fiasco,
  author = {Lackorzynski, Adam and Warg, Alexander},
  title = {Taming Subsystems: Capabilities as Universal Resource Access Control in L4},
  year = {2009},
  booktitle = {Proceedings of the Second Workshop on Isolation and Integration in Embedded Systems}
}

@inproceedings{sel4,
  author = {Klein, Gerwin et al.},
  title = {SeL4: Formal Verification of an OS Kernel},
  year = {2009},
  booktitle = {Proceedings of the Twenty Second ACM Symposium on Operating Systems Principles}
}

@book{nist,
  title = {NIST/SEMATECH e-Handbook of Statistical Methods},
  howpublished = {\url{http://www.itl.nist.gov/div898/handbook/}},
  note = {Letzer Zugriff am \textit{01.12.20}}
}
